<record><leader>00000cas a22000007a 4500</leader><controlfield tag="001">12358884</controlfield><controlfield tag="008">850807d19591960iauwr ne      0    0eng d</controlfield><datafield ind1=" " ind2=" " tag="010"><subfield code="a">sn 85049683 </subfield></datafield><datafield ind1=" " ind2=" " tag="040"><subfield code="a">INP</subfield><subfield code="b">eng</subfield><subfield code="c">INP</subfield><subfield code="d">DLC</subfield><subfield code="d">OCL</subfield><subfield code="d">OCLCQ</subfield></datafield><datafield ind1=" " ind2=" " tag="042"><subfield code="a">msc</subfield></datafield><datafield ind1="0" ind2="4" tag="245"><subfield code="a">The Marion sentinel and Linn County farmer.</subfield></datafield><datafield ind1="3" ind2="0" tag="246"><subfield code="a">Sentinel</subfield></datafield><datafield ind1="3" ind2="0" tag="246"><subfield code="a">Linn County farmer</subfield></datafield><datafield ind1=" " ind2=" " tag="260"><subfield code="a">Marion, Linn County, Iowa :</subfield><subfield code="b">Ralph Young,</subfield><subfield code="c">1959-1960.</subfield></datafield><datafield ind1=" " ind2=" " tag="300"><subfield code="a">2 v. :</subfield><subfield code="b">ill.</subfield></datafield><datafield ind1=" " ind2=" " tag="310"><subfield code="a">Weekly</subfield></datafield><datafield ind1="0" ind2=" " tag="362"><subfield code="a">Vol. 79, no. 17 (Nov. 25, 1959)-v. 80, no. 17 (Nov. 24, 1960).</subfield></datafield><datafield ind1=" " ind2=" " tag="752"><subfield code="a">United States</subfield><subfield code="b">Iowa</subfield><subfield code="c">Linn</subfield><subfield code="d">Marion.</subfield></datafield><datafield ind1="0" ind2="0" tag="780"><subfield code="t">Sentinel and Linn County farmer</subfield><subfield code="w">(DLC)sn 85049682</subfield></datafield><datafield ind1="0" ind2="0" tag="785"><subfield code="t">Marion sentinel (Marion, Iowa : 1960)</subfield><subfield code="w">(DLC)sn 85049684</subfield></datafield></record>